@Manual{R-base,
  title = {R: A Language and Environment for Statistical Computing},
  author = {{R Core Team}},
  organization = {R Foundation for Statistical Computing},
  address = {Vienna, Austria},
  year = {2020},
  url = {https://www.R-project.org/},
}
@Book{bookdown,
    title = {bookdown: Authoring Books and Technical Documents with {R} Markdown},
    author = {Yihui Xie},
    publisher = {Chapman and Hall/CRC},
    address = {Boca Raton, Florida},
    year = {2016},
    note = {ISBN 978-1138700109},
    url = {https://github.com/rstudio/bookdown},
  }
  @Manual{Dmisc,
    title = {Dmisc: Daniel miscellaneous functions},
    author = {Daniel E. {de la Rosa}},
    year = {2020},
    url = {https://drdsdaniel.github.io/Dmisc/}
  }
  @book{MATLAB,
    year = {2020},
    author = {MATLAB},
    title = {version 9.9 (R2020b)},
    publisher = {The MathWorks Inc.},
    address = {Natick, Massachusetts}
  }
